<record xmlns="http://www.loc.gov/MARC21/slim" xmlns:xsi="http://www.w3.org/2001/XMLSchema-instance" xsi:schemaLocation="http://www.loc.gov/MARC21/slim http://www.loc.gov/standards/marcxml/schema/MARC21slim.xsd">

  <leader>00654nam a2200169Ia 4500</leader>
  <datafield ind1=" " tag="999" ind2=" ">
    <subfield code="c">1941</subfield>
    <subfield code="d">1941</subfield>
  </datafield>
  <controlfield tag="008">180628b1984    cr ||||| |||| 00| | spa d</controlfield>
  <datafield tag="090" ind2=" " ind1=" ">
    <subfield code="a">06.04.12 </subfield>
    <subfield code="b">144</subfield>
  </datafield>
  <datafield ind1="1" ind2=" " tag="100">
    <subfield code="a">Sánchez Moya, Zaida</subfield>
    <subfield code="9">3279</subfield>
  </datafield>
  <datafield ind2="0" tag="245" ind1="1">
    <subfield code="a">Incidencias de la crisis socioeconómica en la deserción estudiantil del sistema educativo costarricense / </subfield>
    <subfield code="b">Zaida Sánchez Moya ... et al.</subfield>
  </datafield>
  <datafield tag="260" ind2=" " ind1=" ">
    <subfield code="a">San José, Costa Rica :  </subfield>
    <subfield code="b">Ministerio de Educación Pública, </subfield>
    <subfield code="c">1984</subfield>
  </datafield>
  <datafield ind1=" " ind2=" " tag="300">
    <subfield code="a">211 páginas</subfield>
  </datafield>
  <datafield ind2="4" tag="650" ind1="1">
    <subfield code="a">DESERCIÓN ESCOLAR </subfield>
    <subfield code="9">1454</subfield>
  </datafield>
  <datafield tag="650" ind2="4" ind1="1">
    <subfield code="a">COMPORTAMIENTO ESTUDIANTIL</subfield>
    <subfield code="9">3004</subfield>
  </datafield>
  <datafield ind1="1" ind2="4" tag="650">
    <subfield code="a">SISTEMAS DE ENSEÑANZA</subfield>
    <subfield code="9">401</subfield>
  </datafield>
  <datafield tag="650" ind2="4" ind1="1">
    <subfield code="a">CRISIS DE LA EDUCACIÓN</subfield>
    <subfield code="9">1410</subfield>
  </datafield>
  <datafield ind1=" " ind2=" " tag="942">
    <subfield code="2">z</subfield>
    <subfield code="c">01</subfield>
  </datafield>
</record>